<?xml version="1.0" encoding="UTF-8"?><collection xmlns="http://www.loc.gov/MARC21/slim"><record><leader>00318nam--2200121-i-4500</leader><controlfield tag="001">000024673</controlfield><controlfield tag="002">20161230</controlfield><controlfield tag="005">20161230201035</controlfield><controlfield tag="008">060222s1000------------r-----000-0-eng-d</controlfield><datafield ind1=" " ind2=" " tag="245"><subfield code="a">Heidelberger taschenbucher. bd.16/17 der neue kosmos</subfield></datafield><datafield ind1=" " ind2=" " tag="260"><subfield code="a">Berlin, Springer-verlag, 1967</subfield></datafield><datafield ind1=" " ind2=" " tag="700"><subfield code="a">Albrecht Unsold</subfield></datafield><datafield ind1=" " ind2=" " tag="852"><subfield code="a">28639</subfield></datafield></record></collection>